@article{LDA,
 author = {Blei, David M. and Ng, Andrew Y. and Jordan, Michael I.},
 title = {Latent Dirichlet Allocation},
 journal = {J. Mach. Learn. Res.},
 issue_date = {3/1/2003},
 volume = {3},
 month = mar,
 year = {2003},
 issn = {1532-4435},
 pages = {993--1022},
 numpages = {30},
 url = {http://dl.acm.org/citation.cfm?id=944919.944937},
 acmid = {944937},
 publisher = {JMLR.org},
} 

@book{NLTK, 
	author = {Steven Bird and Ewan Klein and Edward Loper}, 
    title = {Natural Language Processing with Python},
    year = {2009},
    publisher = {O'Reilly Media Inc.}
}

@article{LDAvis,
  author = {Sievert, C and Shirley, K.E.},
  year = {2014},
  month = {01},
  pages = {63-70},
  title = {LDAvis: A method for visualizing and interpreting topics},
  booktitle = {Proceedings of the Workshop on Interactive Language Learning, Visualization, and Interfaces}
}

@misc{pyLDA,
	author = {Ben Mabey},
    title = {pyLDAvis},
    year = {2018},
	publisher = {GitHub},
    url = {https://github.com/bmabey/pyLDAvis}
}

@book{TFIDF,
 author = {Salton, Gerard and McGill, Michael J.},
 title = {Introduction to Modern Information Retrieval},
 year = {1986},
 isbn = {0070544840},
 publisher = {McGraw-Hill, Inc.},
 address = {New York, NY, USA},
} 

@misc{PKDD99,
	author = {Jan Zytkow and Jan Rauch},
    title = {PKDDâ€™99 Discovery Challenge},
    year = {1999},
    url = {http://lisp.vse.cz/pkdd99/}
}

@inproceedings{EmpericalTopicTwitter,
 author = {Hong, Liangjie and Davison, Brian D.},
 title = {Empirical Study of Topic Modeling in Twitter},
 booktitle = {Proceedings of the First Workshop on Social Media Analytics},
 series = {SOMA '10},
 year = {2010},
 isbn = {978-1-4503-0217-3},
 location = {Washington D.C., District of Columbia},
 pages = {80--88},
 numpages = {9},
 url = {http://doi.acm.org/10.1145/1964858.1964870},
 doi = {10.1145/1964858.1964870},
 acmid = {1964870},
 publisher = {ACM},
 address = {New York, NY, USA},
 keywords = {Twitter, social media, topic models},
}

@INPROCEEDINGS{LDA-Avionics, 
author={V. A. Rohani and S. Shayaa and G. Babanejaddehaki}, 
booktitle={2016 3rd International Conference on Computer and Information Sciences (ICCOINS)}, 
title={Topic modeling for social media content: A practical approach}, 
year={2016}, 
volume={}, 
number={}, 
pages={397-402}, 
keywords={data mining;social networking (online);text analysis;unsupervised learning;LDA algorithm;social media channels;social media content;social media datasets;text documents;topic mining;topic space;unsupervised topic modeling;Computational modeling;Computers;Data models;Hidden Markov models;Probabilistic logic;Resource management;Social network services;Latent Dirichlet Allocation;Social Media;Text Mining;Topic Modeling}, 
doi={10.1109/ICCOINS.2016.7783248}, 
ISSN={}, 
month={Aug},}

@inproceedings{TM-LDA,
 author = {Wang, Yu and Agichtein, Eugene and Benzi, Michele},
 title = {TM-LDA: Efficient Online Modeling of Latent Topic Transitions in Social Media},
 booktitle = {Proceedings of the 18th ACM SIGKDD International Conference on Knowledge Discovery and Data Mining},
 series = {KDD '12},
 year = {2012},
 isbn = {978-1-4503-1462-6},
 location = {Beijing, China},
 pages = {123--131},
 numpages = {9},
 url = {http://doi.acm.org/10.1145/2339530.2339552},
 doi = {10.1145/2339530.2339552},
 acmid = {2339552},
 publisher = {ACM},
 address = {New York, NY, USA},
 keywords = {mining social media data, temporal language models, topic transition modeling},
}


